@inproceedings{slutkin2012violence,
  title={Violence is a contagious disease},
  author={Slutkin, Gary},
  booktitle={Contagion of violence: Workshop summary},
  year={2012},
}

@article{ransford201321,
  title={21 Cure Violence A disease control approach to reduce violence and change behavior},
  author={Ransford, Charles and Kane, Candice and Slutkin, Gary},
  journal={Epidemiological Criminology: Theory to Practice},
  pages={232},
  year={2013},
  publisher={Routledge},
}


@book{Gibson2002,
  Author = {Mary Gibson},
  Title = {Born to Crime: Cesare Lombroso and the Origins of Biological Criminology (Italian and Italian American Studies)},
  Publisher = {Praeger},
  Year = {2002},
  ISBN = {0275970620},
}

@article{Lambroso1890,
       author={Cesare Lombroso},
       title={Illustrative Studies in Criminal Anthropology},
       journal={The Monist},
       year = {1890},
       volume= {Vol I},
       number = {No. 2},
}

@article{Lambroso1890a,
       author={Cesare Lombroso},
       title={The Physiognomy of the Anarchists},
       journal={The Monist},
       volume={Vol I},
       number = {No. 3},
       year = {1890},
     }

@book{Gould1996,
  Author = {Stephen Jay Gould},
  Title = {The Mismeasure of Man (Revised \& Expanded)},
  Publisher = {W. W. Norton \& Company},
  Year = {1996},
  ISBN = {0393314251},
}

@article{glueck1950unraveling,
  title={Unraveling juvenile delinquency},
  author={Glueck, Sheldon and Glueck, Eleanor},
  year={1950},
  publisher={Harvard University Press}
}

@article{glueck1956physique,
  title={Physique and delinquency.},
  author={Glueck, Sheldon and Glueck, Eleanor},
  year={1956},
  publisher={Harper \& Bros.}
}

@book{Gott1990,
  Author = {Michael Gottfredson and Travis Hirschi},
  Title = {A General Theory of Crime},
  Publisher = {Stanford University Press},
  Year = {1990},
  ISBN = {0804717745},
 }

@article{Akers1991,
year={1991},
issn={0748-4518},
journal={Journal of Quantitative Criminology},
volume={7},
number={2},
doi={10.1007/BF01268629},
title={Self-control as a general theory of crime},
url={http://dx.doi.org/10.1007/BF01268629},
publisher={Kluwer Academic Publishers-Plenum Publishers},
author={Akers, RonaldL.},
pages={201-211},
language={English}
}

@article{moffitt1993adolescence,
  title={Adolescence-limited and life-course-persistent antisocial behavior: a developmental taxonomy.},
  author={Moffitt, Terrie E},
  journal={Psychological review},
  volume={100},
  number={4},
  pages={674},
  year={1993},
  publisher={American Psychological Association}
}

@article{moffitt2005new,
  title={The new look of behavioral genetics in developmental psychopathology: gene-environment interplay in antisocial behaviors.},
  author={Moffitt, Terrie E},
  journal={Psychological bulletin},
  volume={131},
  number={4},
  pages={533},
  year={2005},
  publisher={American Psychological Association}
}


@book{barkan1992retreat,
  title={The retreat of scientific racism: Changing concepts of race in Britain and the United States between the world wars},
  author={Barkan, Elazar},
  year={1992},
  publisher={Cambridge University Press}
}

@book{beccaria2009crimes,
  title={On crimes and punishments and other writings},
  author={Beccaria, Cesare},
  year={2009},
  publisher={University of Toronto Press}
}

@article{devine1981cesare,
  title={Cesare Beccaria and the Theoretical Foundation of Modern Penal Jurisprudence},
  author={Devine, Francis Edward},
  journal={New Eng. J. on Prison L.},
  volume={7},
  pages={8},
  year={1981},
  publisher={HeinOnline}
}

@article{levitt2004understanding,
  title={Understanding why crime fell in the 1990s: Four factors that explain the decline and six that do not},
  author={Levitt, Steven D},
  journal={The Journal of Economic Perspectives},
  volume={18},
  number={1},
  pages={163--190},
  year={2004},
  publisher={American Economic Association}
}


@incollection{becker1974crime,
  title={Crime and punishment: An economic approach},
  author={Becker, Gary S},
  booktitle={Essays in the Economics of Crime and Punishment},
  pages={1--54},
  year={1974},
  publisher={UMI}
}

@article{Leeuw2003,
  title={Reconstructing Program Theories: Methods Available and
                  Problems to be Solved},
  author={ Leeuw, Frans L },
  journal={American journal of evaluation},
  volume={24},
  number={No. 1},
  pages={5-20},
  year={2003},
  publisher={Sage Publications}
}

@incollection{prop2010,
year={2010},
isbn={978-0-387-77649-1},
booktitle={Handbook of Quantitative Criminology},
editor={Piquero, Alex R. and Weisburd, David},
doi={10.1007/978-0-387-77650-7_26},
title={Propensity Score Matching in Criminology and Criminal Justice},
url={http://dx.doi.org/10.1007/978-0-387-77650-7_26},
publisher={Springer New York},
author={Apel, RobertJ. and Sweeten, Gary},
pages={543-562},
language={English}
}

@inproceedings{cerniglia2013save,
  title={Save our streets: Findings from the impact evaluation of a cure violence replication project},
  author={Cerniglia, Lenore},
  booktitle={141st APHA Annual Meeting (November 2-November 6, 2013)},
  year={2013},
  organization={APHA}
}

@book{wilson2010community,
  title={Community-Based Violence Prevention},
  author={Wilson, Jeremy M and Chermak, Steven and McGarrell, Edmund F},
  year={2010},
  publisher={Rand Corporation}
}

@misc{fbi1,
   author = {{Federal Bureau of Investgation}},
   title = {Table 12: Crime Trends by Population Group, 2007–2008},
   year = "2009",
   url = "\url{http://www.fbi.gov/ucr/cius2008/data/table_12.html}",
   note = "[Online; accessed 6-October-2009]"
 }


@misc{fbi2,
   author = {{Federal Bureau of Investgation}},
   title = {Table 20: Murder by State, Types of Weapons, 2008},
   year = "2009",
   url = "\url{http://www.fbi.gov/ucr/cius2008/data/table_20.html}",
   note = "[Online; accessed 6-October-2009]"
 }

@misc{center2012injury,
  title={Injury prevention and control: data and statistics (WISQARS). Welcome to WISQARS (Web-based Injury Statistics Query and Reporting System). CDC Web site},
  author={{CDC and others}},
  year={2012}
}

@article{wright2008health,
  title={Health-Access to Care: 2008 Community Assessment},
  author={Wright, Eric R and Kooreman, Harold and Clendenning, Daniel},
  year={2008},
  publisher={IUPUI (Campus). Center for Health Policy}
}


@book{skogan2008evaluation,
  title={Evaluation of ceasefire-Chicago},
  author={Skogan, Wesley G and Hartnett, Susan M and Bump, Natalie and Dubois, Jill and Hollon, R and Morris, D},
  year={2008},
  publisher={Northwestern University Evanston}
}

@book{picard2013testing,
  title={Testing a Public Health Approach to Gun Violence: An Evaluation of Crown Heights Save Our Streets, a Replication of the Cure Violence Model},
  author={Picard-Fritsche, Sarah and Cerniglia, Lenore},
  year={2013},
  publisher={Center for Court Innovation}
}

@article{webster2009interim,
  title={Interim evaluation of Baltimore’s Safe Streets program},
  author={Webster, Daniel W and Vernick, Jon S and Mendel, Jennifer},
  journal={Center for the Prevention of Youth Violence, Johns Hopkins Bloomberg School of Public Health. Baltimore, MD},
  year={2009}
}

@article{rosenbaum1984reducing,
  title={Reducing bias in observational studies using subclassification on the propensity score},
  author={Rosenbaum, Paul R and Rubin, Donald B},
  journal={Journal of the American Statistical Association},
  volume={79},
  number={387},
  pages={516--524},
  year={1984},
  publisher={Taylor \& Francis Group}
}

@book{rosenbaum2002observational,
  title={Observational studies},
  author={Rosenbaum, Paul R},
  year={2002},
  publisher={Springer}
}

@book{perl,
  Author = {Judea Pearl},
  Title = {Causality: Models, Reasoning, and Inference},
  Publisher = {Cambridge University Press},
  Year = {2000},
  ISBN = {0521773628},
 }
@misc{ovol2005,
  title={Putting a New Face on Violence Prevention: A Strategy to Prevent Violence in Allegheny County},
  author={{One Vision One Life}},
  year={2005}
}



@article{capowich1995evaluating,
  title={Evaluating Problem-Oriented Policing: Process and Outcome in Tulsa and San Diego},
  author={Capowich, G and Roehl, J and Andrews, C},
  journal={Washington, DC: National Institute of Justice, Office of Justice Programs},
  year={1995}
}

@book{silverman1999nypd,
  title={NYPD battles crime: Innovative strategies in policing},
  author={Silverman, Eli B},
  year={1999},
  publisher={UPNE}
}

@book{scott2000problem,
  title={Problem-oriented policing: Reflections on the first 20 years},
  author={Scott, Michael S},
  year={2000},
  publisher={Citeseer}
}

@article{clarke1994diffusion,
  title={Diffusion of crime control benefits: Observations on the reverse of displacement},
  author={Clarke, Ronald V and Weisburd, David},
  journal={Crime prevention studies},
  volume={2},
  pages={165--184},
  year={1994},
  publisher={Criminal Justice Press Monsey, NY}
}

@article{weisburd2006does,
  title={Does Crime Just Move Around The Corner? A Controlled Study Of Spatial Displacement And Diffusion Of Crime Control Benefits*},
  author={Weisburd, David and Wyckoff, Laura A and Ready, Justin and Eck, John E and Hinkle, Joshua C and Gajewski, Frank},
  journal={Criminology},
  volume={44},
  number={3},
  pages={549--592},
  year={2006},
  publisher={Wiley Online Library}
}

@inproceedings{eck1993threat,
  title={The threat of crime displacement},
  author={Eck, John E},
  booktitle={Criminal Justice Abstracts},
  volume={25},
  number={3},
  pages={527--546},
  year={1993},
  organization={Springer-Verlag}
}

@article{mccaffrey2004propensity,
  title={Propensity score estimation with boosted regression for evaluating causal effects in observational studies.},
  author={McCaffrey, Daniel F and Ridgeway, Greg and Morral, Andrew R},
  journal={Psychological methods},
  volume={9},
  number={4},
  pages={403},
  year={2004},
  publisher={American Psychological Association}
}

@article{ridgeway2007comment,
  title={Comment: Demystifying double robustness: A comparison of alternative strategies for estimating a population mean from incomplete data},
  author={Ridgeway, Greg and McCaffrey, Daniel F},
  journal={Statistical Science},
  volume={22},
  number={4},
  pages={540--543},
  year={2007},
  publisher={JSTOR}
}

@article{d2013gun,
  title={Gun Homicide Rate Down 49\% Since 1993 Peak; Public Unaware},
  author={D'Vera Cohn, Paul Taylor and Lopez, Mark H and Gallagher, Catherine A and Parker, Kim and Maas, Kevin T and Pew Research Center and United States of America},
  year={2013}
}


@article{braga2008pulling,
  title={Pulling levers focused deterrence strategies and the prevention of gun homicide},
  author={Braga, Anthony A},
  journal={Journal of Criminal Justice},
  volume={36},
  number={4},
  pages={332--343},
  year={2008},
  publisher={Elsevier}
}

@article{levitt2004understanding,
  title={Understanding why crime fell in the 1990s: Four factors that explain the decline and six that do not},
  author={Levitt, Steven D},
  journal={The Journal of Economic Perspectives},
  volume={18},
  number={1},
  pages={163--190},
  year={2004},
  publisher={American Economic Association}
}


@incollection{becker1974crime,
  title={Crime and punishment: An economic approach},
  author={Becker, Gary S},
  booktitle={Essays in the Economics of Crime and Punishment},
  pages={1--54},
  year={1974},
  publisher={UMI}
}

@article{donohue2001impact,
  title={The impact of legalized abortion on crime},
  author={Donohue, John and Levitt, Steven D},
  journal={Quarterly Journal of Economics},
  volume={116},
  number={2},
  year={2001}
}

@article{nevin2000lead,
  title={How lead exposure relates to temporal changes in IQ, violent crime, and unwed pregnancy},
  author={Nevin, Rick},
  journal={Environmental Research},
  volume={83},
  number={1},
  pages={1--22},
  year={2000},
  publisher={Elsevier}
}

@article{van2004criminal,
  title={Criminal victimisation in international perspective},
  author={Van Dijk, Jan and Van Kesteren, John and Smit, Paul},
  year={2004},
  publisher={Boom Juridische Uitgevers}
}

@book{shadish,
  Author = {William R. Shadish and Thomas D. Cook and Donald T. Campbell},
  Title = {Experimental and Quasi-Experimental Designs for Generalized Causal Inference},
  Publisher = {Cengage Learning},
  Year = {2001},
  ISBN = {0395615569},
 }